
@article{Shetty:2009,
	 author = {Sujala D Shetty,  Dr S Vadivel},
	 title = {Interoperability issues seen in Web Services},
	 journal = {IJCSNS International Journal of Computer Science and Network Security},
	 volume = {9},
	 issue = {8},
	 month = {August},
	 year = {2009},
	 pages = {160--169},
	 numpages = {9},
	 note = {\emph{Might have some info on why interoperability is a thing we want. Talks a bit about JVM and .NET, but is mostly about internet.}}
}

@INPROCEEDINGS{Kats:2010,
author={Kats, L.C.L. and Visser, E.},
booktitle={Source Code Analysis and Manipulation (SCAM), 2010 10th IEEE Working Conference on},
title={Encapsulating Software Platform Logic by Aspect-Oriented Programming: A Case Study in Using Aspects for Language Portability},
year={2010},
pages={147-156},
keywords={Java;application program interfaces;aspect-oriented programming;data encapsulation;instruction sets;logic programming;program compilers;software libraries;software portability;virtual machines;API;CLR. NET virtual machine;Java Virtual Machine;Stratego program transformation language;aspect weaving;aspect-oriented programming;core programming language;developer community;instruction set;interoperability;language compiler backend;language portability;program adaptation;runtime system;software library;software platform logic encapsulation;Java;Libraries;Programming;Runtime;Software;Weaving;Java;Spoofax;Stratego;aspect-oriented programming;compilers;programming languages},
doi={10.1109/SCAM.2010.11},
note={\emph{'m not wholy sure what this could be used for. Need to read.}}
}

@INPROCEEDINGS{Chen:2010,
author={Chaochao Chen and Brown, D. and Sconyers, C. and Vachtsevanos, G. and Bin Zhang and Orchard, M.E.},
booktitle={AUTOTESTCON, 2010 IEEE},
title={A .NET framework for an integrated fault diagnosis and failure prognosis architecture},
year={2010},
pages={1-6},
keywords={Bayes methods;brushless DC motors;estimation theory;fault diagnosis;machine bearings;network operating systems;particle filtering (numerical methods);software architecture;.NET language;Bayesian estimation theory;bearing spalling fault diagnosis;brushless DC motor turn to turn winding fault diagnosis;data processing;failure prognosis architecture;feature extraction;generic particle filter;integrated fault diagnosis;Computer architecture;Fault diagnosis;Feature extraction;Graphical user interfaces;Real time systems;Software;Windings;.NET framework;Fault diagnosis;failure prognosis;particle filtering;software architecture},
doi={10.1109/AUTEST.2010.5613626},
ISSN={1088-7725},
note={\emph{Most of this isn't useful, but has a description of the .NET framework. Might be more useful to just look up the wikipedia}}
}

@article{Matthews:2009,
 author = {Matthews, Jacob and Findler, Robert Bruce},
 title = {Operational semantics for multi-language programs},
 journal = {ACM Trans. Program. Lang. Syst.},
 issue_date = {April 2009},
 volume = {31},
 number = {3},
 month = apr,
 year = {2009},
 issn = {0164-0925},
 pages = {12:1--12:44},
 articleno = {12},
 numpages = {44},
 url = {http://doi.acm.org/10.1145/1498926.1498930},
 doi = {10.1145/1498926.1498930},
 acmid = {1498930},
 publisher = {ACM},
 address = {New York, NY, USA},
 keywords = {Operational semantics, interoperability},
 note={\emph{Long, but talks about high-level (more abstract?) considerations in language interop. May be useful, if I have time to read it}}
}

@inproceedings{Li:2013,
  title={JVM-hosted languages: they talk the talk, but do they walk the walk?},
  author={Li, Wing Hang and White, David R and Singer, Jeremy},
  booktitle={Proceedings of the 2013 International Conference on Principles and Practices of Programming on the Java Platform: Virtual Machines, Languages, and Tools},
  pages={101--112},
  year={2013},
  organization={ACM},
  note={\emph{Explores how languages on the JVM differ from Java.}}
}

@INPROCEEDINGS{Bromberk:2011,
author={Bromberg, Y. and Grace, P. and Réveillère, L.},
booktitle={Distributed Computing Systems (ICDCS), 2011 31st International Conference on},
title={Starlink: Runtime Interoperability between Heterogeneous Middleware Protocols},
year={2011},
pages={446-455},
keywords={automata theory;middleware;open systems;protocols;Starlink middleware;abstract representation;coloured automata;distributed system;heterogeneous middleware protocol;heterogeneous network;remote method invocation protocol;runtime generated interoperability logic;runtime interoperability;service discovery protocol;translation logic;Automata;Bridges;Color;Middleware;Protocols;Runtime;Semantics;domain specific language;interoperability;middleware;protocol},
doi={10.1109/ICDCS.2011.65},
ISSN={1063-6927},
note={\emph{An intensive exploration of what is required to achieve interop. Describes a full interop system using an ML}}
}

@incollection{Acampora:2013,
year={2013},
isbn={978-3-642-35487-8},
booktitle={On the Power of Fuzzy Markup Language},
volume={296},
series={Studies in Fuzziness and Soft Computing},
editor={Acampora, Giovanni and Loia, Vincenzo and Lee, Chang-Shing and Wang, Mei-Hui},
doi={10.1007/978-3-642-35488-5_2},
title={Fuzzy Markup Language: A XML Based Language for Enabling Full Interoperability in Fuzzy Systems Design},
url={http://dx.doi.org/10.1007/978-3-642-35488-5_2},
publisher={Springer Berlin Heidelberg},
author={Acampora, Giovanni},
pages={17-31},
note={\emph{One example of an ML system. May be useful for comparison of ML style interop}}
}

@inproceedings{Ide:2010,
  title={What does interoperability mean, anyway? Toward an operational definition of interoperability for language technology},
  author={Ide, Nancy and Pustejovsky, James},
  booktitle={Proc. 2nd Int. Conf. Global Interoperability Lang. Res},
  year={2010},
  note={\emph{A general exploration of the definitions and requirements of interoperability}}
}

@article{Matthews:2009,
 author = {Matthews, Jacob and Findler, Robert Bruce},
 title = {Operational semantics for multi-language programs},
 journal = {ACM Trans. Program. Lang. Syst.},
 issue_date = {April 2009},
 volume = {31},
 number = {3},
 month = apr,
 year = {2009},
 issn = {0164-0925},
 pages = {12:1--12:44},
 articleno = {12},
 numpages = {44},
 url = {http://doi.acm.org.ezproxy.morris.umn.edu/10.1145/1498926.1498930},
 doi = {10.1145/1498926.1498930},
 acmid = {1498930},
 publisher = {ACM},
 address = {New York, NY, USA},
 keywords = {Operational semantics, interoperability},
 note={\emph{A discussion of a method for abstracting language interactions. Discusses an ML, but may not be built around it.}}
} 


